@online{Monday.com_2024, title={The Moscow Prioritization Method explained}, url={https://monday.com/blog/project-management/moscow-prioritization-method/}, journal={monday.com Blog}, author={Monday.com}, year={2024}, month={Jan}} 

@article{briggs2012building,
  title={Building bridges: understanding student transition to university},
  author={Briggs, Ann RJ and Clark, Jill and Hall, Ian},
  journal={Quality in higher education},
  volume={18},
  number={1},
  pages={3--21},
  year={2012},
  publisher={Taylor \& Francis}
}

@article{thompson2021navigating,
  title={Navigating entry into higher education: the transition to independent learning and living},
  author={Thompson, Miles and Pawson, Chris and Evans, Bethan},
  journal={Journal of Further and Higher Education},
  volume={45},
  number={10},
  pages={1398--1410},
  year={2021},
  publisher={Taylor \& Francis}
}

@article{shankland2010student,
  title={Student adjustment to higher education: The role of alternative educational pathways in coping with the demands of student life},
  author={Shankland, Rebecca and Genolini, Christophe and Riou Fran{\c{c}}a, Lionel and Guelfi, Julien-Daniel and Ionescu, Serban},
  journal={Higher Education},
  volume={59},
  pages={353--366},
  year={2010},
  publisher={Springer}
}

@article{milsom2005assisting,
  title={Assisting students with learning disabilities transitioning to college: What school counselors should know},
  author={Milsom, Amy and Hartley, Michael T},
  journal={Professional School Counseling},
  pages={436--441},
  year={2005},
  publisher={JSTOR}
}

@article{holton2015adapting,
  title={Adapting relationships with place: Investigating the evolving place attachment and ‘sense of place’of UK higher education students during a period of intense transition},
  author={Holton, Mark},
  journal={Geoforum},
  volume={59},
  pages={21--29},
  year={2015},
  publisher={Elsevier}
}

@article{ivemark2021habitus,
  title={Habitus adaptation and first-generation university students’ adjustment to higher education: A life course perspective},
  author={Ivemark, Bi{\"o}rn and Ambrose, Anna},
  journal={Sociology of Education},
  volume={94},
  number={3},
  pages={191--207},
  year={2021},
  publisher={Sage Publications Sage CA: Los Angeles, CA}
}

@article{lovatt2013investigating,
  title={Investigating the transition into third level science--identifying a student profile},
  author={Lovatt, James and Finlayson, Odilla},
  journal={Chemistry Education Research and Practice},
  volume={14},
  number={1},
  pages={62--72},
  year={2013},
  publisher={Royal Society of Chemistry}
}
@article{shields2012transition,
  title={A transition program for underprepared students in general chemistry: Diagnosis, implementation, and evaluation},
  author={Shields, Shawn P and Hogrebe, Mark C and Spees, William M and Handlin, Larry B and Noelken, Greg P and Riley, Julie M and Frey, Regina F},
  journal={Journal of Chemical Education},
  volume={89},
  number={8},
  pages={995--1000},
  year={2012},
  publisher={ACS Publications}
}

@article{slavin2008factors,
  title={Factors affecting student drop out from the university introductory physics course, including the anomaly of the Ontario double cohort},
  author={Slavin, Alan},
  journal={Canadian Journal of Physics},
  volume={86},
  number={6},
  pages={839--847},
  year={2008},
  publisher={NRC Research Press Ottawa, Canada}
}

@incollection{mcloughlin2024supporting,
  title={Supporting Educational Transitions in Physics},
  author={McLoughlin, Eilish and Kaur, Tandeep and De Lange, Jan and {\v{C}}epi{\v{c}}, Mojca and Sokolowska, Dagmara and Grimes, Paul},
  booktitle={Physics Education Today: Innovative Methodologies, Tools and Evaluation},
  pages={21--33},
  year={2024},
  publisher={Springer}
}

@article{echchafi2021analytical,
  title={An analytical study of the phenomenon of university dropout: causal factors and solutions: case of the faculty of sciences ben m’sick, morocco},
  author={Echchafi, Imane and Bachra, Yahya and Benabid, Assia and Berrada, Mohammed and Talbi, Mohammed},
  journal={NVEO-NATURAL VOLATILES \& ESSENTIAL OILS Journal| NVEO},
  pages={9268--9277},
  year={2021}
}

@inproceedings{freeman2001recruiting,
  title={Recruiting and Retention Effectiveness},
  author={Freeman, Terrence},
  booktitle={2001 Annual Conference},
  pages={6--838},
  year={2001}
}
@online{cypressDocs,
    title={Comprehensive Cypress Test Automation Guide},
    author={Cypress.io}, 
    url={https://docs.cypress.io/guides/overview/why-cypress},
    year={2024}, month={Mar}
} 

@article{lewis2018system,
  title={The system usability scale: past, present, and future},
  author={Lewis, James R},
  journal={International Journal of Human--Computer Interaction},
  volume={34},
  number={7},
  pages={577--590},
  year={2018},
  publisher={Taylor \& Francis}
}

@book{kingsepp2020analyzing,
  title={Analyzing the Retention of Knowledge Among General Chemistry Students},
  author={Kingsepp, James T},
  year={2020},
  publisher={University of South Florida}
}

@online{T_2021, title={Measuring and interpreting system usability scale (SUS)}, url={https://uiuxtrend.com/measuring-system-usability-scale-sus/}, journal={UIUX Trend}, author={T, Will}, year={2021}, month={Feb}} 

@online{Vercel, 
    author={Vercel},
    title={Vercel Documentation}, 
    url={https://vercel.com/docs}, 
    journal={Vercel documentation}, 
    year={2023}, 
    month={Jan}} 

@online{Firebase,
    author={Google},
    title={Firebase Documentation},
    url={https://firebase.google.com/docs/}, 
    journal={Google}, 
    publisher={Google}} 

@online{Mantine, 
    author={Mantine},
    title={Mantine Documentation}, url={https://mantine.dev/getting-started/}, journal={Mantine}} 

@online{Next.js, author={Vercel}, title={Next.js Documentation}, url={https://nextjs.org/docs}, journal={Docs | Next.js}} 

@online{Node.js, author={Node.js}, title={Node.js v21.7.1 Documentation}, url={https://nodejs.org/docs/latest/api/}, journal={Index | Node.js v21.7.1 Documentation}} 

@online{Figma, author={Figma}, title={Figma Help Center},  url={https://help.figma.com/hc/en-us}, journal={Figma help center}} 

@online{Atlassian, title={What is agile?}, url={https://www.atlassian.com/agile#:~:text=The%20Agile%20methodology%20is%20a,planning%2C%20executing%2C%20and%20evaluating.}, journal={Atlassian}, author={Atlassian}} 

@misc{Scrum.org, title={What is Scrum?}, url={https://www.scrum.org/resources/what-scrum-module}, journal={Scrum.org}} 

@online{BrowserStack_2023, title={What is the Ideal Screen Size for Responsive Design?}, url={https://www.browserstack.com/guide/ideal-screen-sizes-for-responsive-design#:~:text=According%20to%20the%20Worldwide%20Screen,1440%C3%97900%20(6.41%25)}, journal={BrowserStack}, year={2023}, month={Nov}} 